<?xml version="1.0" encoding="UTF-8"?>
<record xmlns="http://www.loc.gov/MARC21/slim" xmlns:xsi="http://www.w3.org/2001/XMLSchema-instance" xsi:schemaLocation="http://www.loc.gov/MARC21/slim http://www.loc.gov/standards/marcxml/schema/MARC21slim.xsd">
<leader>00000cam a22        4500</leader>
<controlfield tag="001">002230398</controlfield>
<controlfield tag="003">NNU</controlfield>
<controlfield tag="005">20160303153146.0</controlfield>
<controlfield tag="008">910213s1936    le ab         000 0 eng d</controlfield>
<datafield tag="035" ind1=" " ind2=" ">
<subfield code="a">(OCoLC)477268587</subfield>
</datafield>
<datafield tag="040" ind1=" " ind2=" ">
<subfield code="a">N15</subfield>
<subfield code="b">eng</subfield>
<subfield code="c">N15</subfield>
<subfield code="d">OCLCO</subfield>
<subfield code="d">OCLCF</subfield>
<subfield code="d">OCLCQ</subfield>
<subfield code="d">NNU</subfield>
</datafield>
<datafield tag="043" ind1=" " ind2=" ">
<subfield code="a">f-ua---</subfield>
<subfield code="a">a-is---</subfield>
<subfield code="a">awba---</subfield>
<subfield code="a">awgz---</subfield>
</datafield>
<datafield tag="050" ind1=" " ind2="4">
<subfield code="a">PJ25</subfield>
<subfield code="b">.A6 1936</subfield>
</datafield>
<datafield tag="100" ind1="1" ind2=" ">
<subfield code="a">Rustum, Asad,</subfield>
<subfield code="d">1897-1965.</subfield>
</datafield>
<datafield tag="245" ind1="1" ind2="4">
<subfield code="a">The Royal Archives of Egypt and the disturbances in Palestine, 1834 /</subfield>
<subfield code="c">by Asad J. Rustum.</subfield>
</datafield>
<datafield tag="260" ind1=" " ind2=" ">
<subfield code="a">Beirut :</subfield>
<subfield code="b">Printed at the American Press,</subfield>
<subfield code="c">1936.</subfield>
</datafield>
<datafield tag="300" ind1=" " ind2=" ">
<subfield code="a">82 pages</subfield>
<subfield code="b">illustrations, maps (1 folded)</subfield>
<subfield code="c">26 cm.</subfield>
</datafield>
<datafield tag="336" ind1=" " ind2=" ">
<subfield code="a">text</subfield>
<subfield code="b">txt</subfield>
<subfield code="2">rdacontent</subfield>
</datafield>
<datafield tag="337" ind1=" " ind2=" ">
<subfield code="a">unmediated</subfield>
<subfield code="b">n</subfield>
<subfield code="2">rdamedia</subfield>
</datafield>
<datafield tag="338" ind1=" " ind2=" ">
<subfield code="a">volume</subfield>
<subfield code="b">nc</subfield>
<subfield code="2">rdacarrier</subfield>
</datafield>
<datafield tag="490" ind1="1" ind2=" ">
<subfield code="a">Publication of the Faculty of Arts and Sciences. Oriental series,</subfield>
<subfield code="v">no. 11</subfield>
</datafield>
<datafield tag="650" ind1=" " ind2="0">
<subfield code="a">Archives</subfield>
<subfield code="z">Egypt.</subfield>
</datafield>
<datafield tag="651" ind1=" " ind2="0">
<subfield code="a">Palestine</subfield>
<subfield code="x">History</subfield>
<subfield code="y">638-1917.</subfield>
</datafield>
<datafield tag="651" ind1=" " ind2="0">
<subfield code="a">Egypt</subfield>
<subfield code="x">History</subfield>
<subfield code="y">Mohammed Ali, 1805-1849.</subfield>
</datafield>
<datafield tag="651" ind1=" " ind2="0">
<subfield code="a">Egypt</subfield>
<subfield code="x">Foreign relations</subfield>
<subfield code="z">Palestine.</subfield>
</datafield>
<datafield tag="651" ind1=" " ind2="0">
<subfield code="a">Palestine</subfield>
<subfield code="x">Foreign relations</subfield>
<subfield code="z">Egypt.</subfield>
</datafield>
<datafield tag="650" ind1=" " ind2="7">
<subfield code="a">Archives.</subfield>
<subfield code="2">fast</subfield>
<subfield code="0">(OCoLC)fst00814030</subfield>
</datafield>
<datafield tag="650" ind1=" " ind2="7">
<subfield code="a">Diplomatic relations.</subfield>
<subfield code="2">fast</subfield>
<subfield code="0">(OCoLC)fst01907412</subfield>
</datafield>
<datafield tag="651" ind1=" " ind2="7">
<subfield code="a">Egypt.</subfield>
<subfield code="2">fast</subfield>
<subfield code="0">(OCoLC)fst01208755</subfield>
</datafield>
<datafield tag="651" ind1=" " ind2="7">
<subfield code="a">Middle East</subfield>
<subfield code="z">Palestine.</subfield>
<subfield code="2">fast</subfield>
<subfield code="0">(OCoLC)fst01207534</subfield>
</datafield>
<datafield tag="648" ind1=" " ind2="7">
<subfield code="a">638 - 1917.</subfield>
<subfield code="2">fast</subfield>
</datafield>
<datafield tag="655" ind1=" " ind2="7">
<subfield code="a">History.</subfield>
<subfield code="2">fast</subfield>
<subfield code="0">(OCoLC)fst01411628</subfield>
</datafield>
<datafield tag="830" ind1=" " ind2="0">
<subfield code="a">Publication of the Faculty of Arts and Sciences.</subfield>
<subfield code="p">Oriental series ;</subfield>
<subfield code="v">no. 11.</subfield>
</datafield>
<datafield tag="OWN" ind1=" " ind2=" ">
<subfield code="a">GENERAL</subfield>
</datafield>
<datafield tag="AVA" ind1=" " ind2=" ">
<subfield code="a">NYU50</subfield>
<subfield code="b">BOBST</subfield>
<subfield code="c">Main Collection</subfield>
<subfield code="d">PJ25 .A6 no.11</subfield>
<subfield code="e">unavailable</subfield>
<subfield code="t">Unavailable</subfield>
<subfield code="f">1</subfield>
<subfield code="g">1</subfield>
<subfield code="h">N</subfield>
<subfield code="i">4</subfield>
<subfield code="j">MAIN</subfield>
<subfield code="k">0</subfield>
</datafield>
</record>
